% Use this file for citations not found in the ACL Anthology (contained in "anthology.bib").

@inproceedings{li2018ana,
    title = "Analogical Reasoning on {C}hinese Morphological and Semantic Relations",
    author = "Li, Shen  and
      Zhao, Zhe  and
      Hu, Renfen  and
      Li, Wensi  and
      Liu, Tao  and
      Du, Xiaoyong",
    editor = "Gurevych, Iryna  and
      Miyao, Yusuke",
    booktitle = "Proceedings of the 56th Annual Meeting of the Association for Computational Linguistics (Volume 2: Short Papers)",
    month = jul,
    year = "2018",
    address = "Melbourne, Australia",
    publisher = "Association for Computational Linguistics",
    url = "https://aclanthology.org/P18-2023",
    doi = "10.18653/v1/P18-2023",
    pages = "138--143",
}

@article{si-etal-2023-sub,
    title = "Sub-Character Tokenization for {C}hinese Pretrained Language Models",
    author = "Si, Chenglei  and
      Zhang, Zhengyan  and
      Chen, Yingfa  and
      Qi, Fanchao  and
      Wang, Xiaozhi  and
      Liu, Zhiyuan  and
      Wang, Yasheng  and
      Liu, Qun  and
      Sun, Maosong",
    journal = "Transactions of the Association for Computational Linguistics",
    volume = "11",
    year = "2023",
    address = "Cambridge, MA",
    publisher = "MIT Press",
    url = "https://aclanthology.org/2023.tacl-1.28",
    doi = "10.1162/tacl_a_00560",
    pages = "469--487",
}

@inproceedings{xue-2003-chinese,
    title = "Chinese Word Segmentation as {LMR} Tagging",
    author = "Xue, Nianwen  and
      Shen, Libin",
    booktitle = "Proceedings of the Second {SIGHAN} Workshop on Chinese Language Processing",
    month = jul,
    year = "2003",
    address = "Sapporo, Japan",
    publisher = "Association for Computational Linguistics",
    url = "https://aclanthology.org/W03-1728",
    doi = "10.3115/1119250.1119278",
    pages = "176--179",
}


@inproceedings{zhou-2003-chunking,
    title = "Chunking-based Chinese Word Tokenization",
    author = "Zhou, GuoDong",
    booktitle = "Proceedings of the Second {SIGHAN} Workshop on Chinese Language Processing",
    month = jul,
    year = "2003",
    address = "Sapporo, Japan",
    publisher = "Association for Computational Linguistics",
    url = "https://aclanthology.org/W03-1731",
    doi = "10.3115/1119250.1119281",
    pages = "188--191",
}

@ARTICLE{sun2022word,
  author={Sun, Xinjie and Huo, Xingying},
  journal={IEEE Access}, 
  title={Word-Level and Pinyin-Level Based Chinese Short Text Classification}, 
  year={2022},
  volume={10},
  number={},
  pages={125552-125563},
  doi={10.1109/ACCESS.2022.3225659}}

@misc{mikolov2013efficient,
      title={Efficient Estimation of Word Representations in Vector Space}, 
      author={Tomas Mikolov and Kai Chen and Greg Corrado and Jeffrey Dean},
      year={2013},
      eprint={1301.3781},
      archivePrefix={arXiv},
      primaryClass={cs.CL}
}

@inproceedings{graves2005,
author = {Graves, Alex and Fernández, Santiago and Schmidhuber, Jürgen},
year = {2005},
month = {01},
pages = {799-804},
title = {Bidirectional LSTM Networks for Improved Phoneme Classification and Recognition},
}

@Article{yuan2023,
AUTHOR = {Yuan, Ye and Wang, Wang and Wen, Guangze and Zheng, Zikun and Zhuang, Zhemin},
TITLE = {Sentiment Analysis of Chinese Product Reviews Based on Fusion of DUAL-Channel BiLSTM and Self-Attention},
JOURNAL = {Future Internet},
VOLUME = {15},
YEAR = {2023},
NUMBER = {11},
ARTICLE-NUMBER = {364},
URL = {https://www.mdpi.com/1999-5903/15/11/364},
ISSN = {1999-5903},
}